@ARTICLE{hadamard,
  author = {Best, D. and Kharaghani, H.},
  title = {Unbiased complex {H}adamard matrices and bases},
  journal = {Cryptogr. Commun.},
  year = {2010},
  volume = {2},
  pages = {199--209},
  number = {2}
}

@ARTICLE{golay,
  author = {Craigen, R. and Holzmann, W. and Kharaghani, H.},
  title = {Complex {G}olay sequences: structure and applications},
  journal = {Discrete Math.},
  year = {2002},
  volume = {252},
  pages = {73--89},
  number = {1-3}
}
