% This file was created with JabRef 2.9.
% Encoding: ISO8859_1

@BOOK{8ab,
  title = {Hadamard matrices and their applications},
  publisher = {Lecture Notes in Mathematics, 1168},
  year = {1985},
  editor = {Springer-Verlag},
  author = {Agaian, S. S.},
  journal = {Lecture Notes in Mathematics, . Springer-Verlag, Berlin.},
  owner = {best},
  quality = {1},
  timestamp = {2013.11.21}
}

@ARTICLE{circ-weigh-9,
  author = {Ang, M. H. and Arasu, K. T. and Lun Ma, S. and Strassler, Y.},
  title = {Study of proper circulant weighing matrices with weight 9},
  journal = {Discrete Mathematics},
  year = {2008},
  volume = {308},
  pages = {2802-2809},
  number = {13},
  doi = {10.1016/j.disc.2004.12.029},
  owner = {best},
  publisher = {Elsevier },
  timestamp = {2013.09.06},
  url = {http://dx.doi.org/10.1016/j.disc.2004.12.029}
}

@INBOOK{Bengtsson_2007,
  pages = {40-51},
  title = {Three Ways to Look at Mutually Unbiased Bases},
  publisher = {American Institute of Physics},
  year = {2007},
  author = {Bengtsson, I.},
  booktitle = {AIP Conference Proceedings},
  doi = {10.1063/1.2713445},
  owner = {best},
  timestamp = {2013.07.09},
  url = {http://dx.doi.org/10.1063/1.2713445}
}

@ARTICLE{mub-6,
  author = {Bengtsson, I. and Bruzda, W. and Ericsson, {\AA}. and Larsson, J.
	and Tadej, W. and {\.Z}yczkowski, K.},
  title = {Mutually unbiased bases and {Hadamard} matrices of order six},
  journal = {Journal of Mathematical Physics},
  year = {2007},
  volume = {48},
  pages = {052106},
  owner = {best},
  timestamp = {2013.11.20}
}

@ARTICLE{turyn13,
  author = {Best, D. and Dokovic, D. Z. and Kharaghani, H. and Ramp, H.},
  title = {Turyn-Type Sequences: Classification, Enumeration, and Construction},
  journal = {Journal of Combinatorial Designs},
  year = {2013},
  volume = {21},
  pages = {24-35},
  number = {1},
  month = {Jan},
  eid = {1206.4107},
  doi = {10.1002/jcd.21318},
  owner = {best},
  publisher = {Wiley Blackwell (John Wiley \& Sons)},
  timestamp = {2013.01.08}
}

@ARTICLE{biangular_lines,
  author = {Best, D. and Kharaghani, H.},
  title = {Applications of biangular lines},
  year = {2013},
  note = {In preparation},
  owner = {best},
  quality = {1},
  timestamp = {2013.07.15}
}

@ARTICLE{much10,
  author = {Best, D. and Kharaghani, H.},
  title = {Unbiased complex {Hadamard} matrices and bases},
  journal = {Cryptography and Communications},
  year = {2010},
  volume = {2},
  pages = {199-209},
  number = {2},
  doi = {10.1007/s12095-010-0029-8},
  owner = {best},
  publisher = {Springer-Verlag},
  timestamp = {2013.01.08}
}

@ARTICLE{muwm13,
  author = {Best, D. and Kharaghani, H. and Ramp, H.},
  title = {Mutually Unbiased Weighing Matrices},
  journal = {Designs, Codes and Cryptography},
  year = {2013},
  owner = {best},
  quality = {1},
  timestamp = {2013.09.16}
}

@ARTICLE{unit-weigh13,
  author = {Best, D. and Kharaghani, H. and Ramp, H.},
  title = {On unit weighing matrices with small weight},
  journal = {Discrete Mathematics},
  year = {2013},
  volume = {313},
  pages = {855-864},
  number = {7},
  abstract = {We study the structure of unit weighing matrices of order n and weights
	2, 3 and 4. We show that the number of inequivalent unit weighing
	matrices UW(n,4) depends on the number of decompositions of n into
	sums of non-negative multiples of some specific positive integers.
	We also show two interesting sporadic cases in order to show the
	complexities involved for weights larger than 4.},
  file = {:Papers/unit-weigh-small.pdf:PDF},
  owner = {best},
  timestamp = {2012.10.25}
}

@ARTICLE{lin-indep-zeta,
  author = {Best, D. G. and Trudgian, T. S.},
  title = {Linear relations of zeroes of the zeta-function},
  note = {arXiv:1209.3843},
  abstract = {This article considers linear relations between the non-trivial zeroes
	of the Riemann zeta-function. The main application is an alternative
	disproof to Mertens' conjecture. We show that $\limsup M(x)x^{-1/2}
	\geq 1.6383$ and that $\liminf M(x)x^{-1/2}\leq -1.6383$.},
  file = {:Papers/lin-indep-zeta-zero.pdf:PDF},
  owner = {best},
  timestamp = {2012.10.25}
}

@ARTICLE{BCH-BC,
  author = {Bose, R. C. and Ray-Chaudhuri, D. K.},
  title = {On a class of error correcting binary group codes},
  journal = {Information and Control},
  year = {1960},
  volume = {3},
  pages = {68-79},
  number = {1},
  doi = {10.1016/S0019-9958(60)90287-4},
  owner = {best},
  publisher = {Elsevier},
  timestamp = {2013.07.17},
  url = {http://dx.doi.org/10.1016/S0019-9958(60)90287-4}
}

@ARTICLE{real-mub,
  author = {Boykin, P. O. and Sitharam, M. and Tarifi, M. and Wocjan, P.},
  title = {Real mutually unbiased bases},
  journal = {arXiv:quant-ph/0502024},
  year = {2005}
}

@ARTICLE{calderbank97,
  author = {Calderbank, A. R. and Cameron, P. J. and Kantor, W. M. and Seidel,
	J. J.},
  title = {$\mathbb{Z}_4$-{Kerdock} codes, orthogonal spreads, and extremal
	{Euclidean} line-sets},
  journal = {Proceedings of the London Mathematical Society},
  year = {1997},
  volume = {75},
  pages = {436-480},
  owner = {best},
  quality = {1},
  timestamp = {2013.07.09}
}

@ARTICLE{inequiv-weigh,
  author = {Chan, H. C. and Rodger, C. A. and Seberry, J.},
  title = {On Inequivalent Weighing Matrices},
  journal = {Ars Combinatoria},
  year = {1986},
  volume = {21},
  pages = {299-333},
  file = {:Papers/inequiv-weigh.pdf:PDF},
  owner = {best},
  timestamp = {2012.11.21}
}

@BOOK{hcd,
  title = {Handbook of {Combinatorial} {Designs}},
  publisher = {CRC press},
  year = {2010},
  author = {Colbourn, C. J. and Dinitz, J. H.}
}

@ARTICLE{Craigen_1995,
  author = {Craigen, R.},
  title = {The structure of weighing matrices having large weights},
  journal = {Designs, Codes and Cryptography},
  year = {1995},
  volume = {5},
  pages = {199-216},
  number = {3},
  doi = {10.1007/BF01388384},
  owner = {best},
  publisher = {Springer-Verlag},
  timestamp = {2013.07.09},
  url = {http://dx.doi.org/10.1007/BF01388384}
}

@ARTICLE{golay,
  author = {Craigen, R. and Holzmann, W. and Kharaghani, H.},
  title = {Complex {G}olay sequences: structure and applications},
  journal = {Discrete Math.},
  year = {2002},
  volume = {252},
  pages = {73--89},
  number = {1-3}
}

@ARTICLE{Dita_2004,
  author = {Dita, P.},
  title = {Some results on the parametrization of complex {Hadamard} matrices},
  journal = {Journal of Physics A: Mathematical and General},
  year = {2004},
  volume = {37},
  pages = {5355-5374},
  number = {20},
  month = {May},
  __markedentry = {[best:6]},
  doi = {10.1088/0305-4470/37/20/008},
  owner = {best},
  publisher = {IOP Publishing},
  timestamp = {2013.11.04},
  url = {http://dx.doi.org/10.1088/0305-4470/37/20/008}
}

@ARTICLE{durt-muhm,
  author = {Durt, T. and Englert, B. G. and Bengtsson, I. and \.{Z}yczkowski,
	K.},
  title = {On mutually unbiased bases},
  journal = {Int. J. Quantum Information},
  year = {2010},
  volume = {8},
  pages = {535-640},
  owner = {best},
  timestamp = {2010.01.08#Int.J.Quantum#}
}

@MASTERSTHESIS{circ-weigh-10,
  author = {Epstein, L.},
  title = {The Classification of Circulant Weighing Matrices of Weight 16 and
	Odd Order},
  school = {Bar-Ilan University},
  year = {1998},
  owner = {best},
  quality = {1},
  timestamp = {2013.09.07}
}

@BOOK{star-bar,
  title = {An Introduction to Probability Theory and Its Applications},
  publisher = {Wiley},
  year = {1968},
  author = {Feller, W.},
  added-at = {2007-04-10T16:00:38.000+0200},
  biburl = {http://www.bibsonomy.org/bibtex/2ffca3cfe18c41b3cf8b28a6604a59e58/andreab},
  citeulike-article-id = {167212},
  description = {An Introduction to Probability Theory and Its Applications},
  howpublished = {Hardcover},
  interhash = {5913bc93a52c1fad7ce8b0993debf407},
  intrahash = {ffca3cfe18c41b3cf8b28a6604a59e58},
  isbn = {0471257087},
  priority = {2}
}

@BOOK{od-quad-forms,
  title = {Orthogonal Designs: Quadratic Forms and Hadamard Matrices},
  publisher = {M. Dekker},
  year = {1979},
  author = {Geramita, A. V. and Seberry, J.},
  series = {Lecture Notes in Pure and Applied Mathematics},
  isbn = {9780824767747},
  lccn = {79012112},
  url = {http://books.google.ca/books?id=plYgAQAAIAAJ}
}

@ARTICLE{H5,
  author = {Haagerup, U.},
  title = {Orthogonal maximal abelian $\ast$-subalgebras of the $n \times n$
	matrices and cyclic $n$-roots},
  journal = {Operator Algebras and Quantum Field Theory (Rome)},
  year = {1996},
  pages = {296--322},
  owner = {best},
  quality = {1},
  timestamp = {2013.09.09}
}

@ARTICLE{hadamard,
  author = {Hadamard, J.},
  title = {R\'{e}solution d'une question relative aux determinants},
  journal = {Bull. des Sciences Mathematiques},
  year = {1893},
  volume = {17},
  pages = {240--246},
  owner = {best},
  quality = {1},
  timestamp = {2013.11.04}
}

@ARTICLE{Harada_Munemasa_2012,
  author = {Harada, M. and Munemasa, A.},
  title = {On the classification of weighing matrices and self-orthogonal codes},
  journal = {Journal of Combinatorial Designs},
  year = {2012},
  volume = {20},
  pages = {40-57},
  number = {1},
  doi = {10.1002/jcd.20295},
  owner = {best},
  publisher = {Wiley Blackwell (John Wiley \& Sons)},
  timestamp = {2013.01.08}
}

@ARTICLE{BCH-H,
  author = {Hocquenghem, A.},
  title = {Codes correcteurs d'erreurs},
  journal = {Chiffres (in French)},
  year = {1959},
  volume = {2},
  pages = {68--79},
  owner = {best},
  quality = {1},
  timestamp = {2013.07.17}
}

@ARTICLE{real-muh,
  author = {Holzmann, W. H. and Kharaghani, H. and Orrick, W.},
  title = {On the real unbiased {Hadamard} matrices},
  journal = {Contemporary Mathematics, Combinatorics and Graphs},
  year = {2010},
  volume = {531},
  pages = {243-250},
  owner = {best},
  quality = {1},
  timestamp = {2013.11.04}
}

@ARTICLE{hada-app2,
  author = {Horadam, K. J.},
  title = {{Hadamard} matrices and their applications: Progress 2007--2010},
  journal = {Cryptography and Communications},
  year = {2010},
  volume = {2},
  pages = {129-154},
  number = {2},
  __markedentry = {[best:]},
  doi = {10.1007/s12095-010-0032-0},
  owner = {best},
  publisher = {Springer-Verlag},
  timestamp = {2013.11.04},
  url = {http://dx.doi.org/10.1007/s12095-010-0032-0}
}

@ARTICLE{ivanovic,
  author = {Ivanovic, I. D.},
  title = {Geometrical description of quantum state determination},
  journal = {Journal of Physics A},
  year = {1981},
  volume = {14},
  pages = {3241--3245},
  owner = {best},
  quality = {1},
  timestamp = {2013.11.04}
}

@ARTICLE{hada32,
  author = {Kharaghani, H. and Tayfeh-Rezaie, B.},
  title = {Hadamard matrices of order 32},
  journal = {Journal of Combinatorial Designs},
  year = {2012},
  publisher = {Wiley Online Library}
}

@ARTICLE{hada428,
  author = {Kharaghani, H. and Tayfeh-Rezaie, B.},
  title = {A {Hadamard} matrix of order 428},
  journal = {Journal of Combinatorial Designs},
  year = {2005},
  volume = {13},
  pages = {435-440},
  doi = {10.1002/jcd.20043},
  owner = {best},
  publisher = {Wiley Blackwell (John Wiley \& Sons)},
  timestamp = {2013.01.08}
}

@ARTICLE{classification28,
  author = {Kimura, H.},
  title = {Classification of {Hadamard} matrices of order 28 with {Hall} sets},
  journal = {Discrete Mathematics},
  year = {1994},
  volume = {128},
  pages = {257--268},
  number = {1},
  publisher = {Elsevier}
}

@BOOK{KotnikRiele2006,
  title = {Lecture Notes in Computer Science},
  publisher = {Springer-Verlag},
  year = {2006},
  author = {Kotnik, T. and Riele, H.},
  pages = {156-167},
  doi = {10.1007/11792086_12},
  file = {:Papers/MertensRevisited.pdf:PDF},
  owner = {best},
  timestamp = {2013.01.08}
}

@ARTICLE{weighing-app,
  author = {Koukouvinos, C. and Seberry, J.},
  title = {Weighing matrices and their applications},
  journal = {Journal of Statistical planning and inference},
  year = {1997},
  volume = {62},
  pages = {91--101},
  number = {1},
  publisher = {Elsevier}
}

@ARTICLE{Leung,
  author = {Leung, D. and Mancinska, L. and Matthews, W. and Ozols, M. and Roy,
	A.},
  title = {Entanglement can Increase Asymptotic Rates of Zero-Error Classical
	Communication over Classical Channels},
  journal = {Communications in Mathematical Physics},
  year = {2012},
  volume = {311},
  pages = {97-111},
  number = {1},
  doi = {10.1007/s00220-012-1451-x},
  owner = {best},
  publisher = {Springer-Verlag},
  timestamp = {2013.07.15},
  url = {http://dx.doi.org/10.1007/s00220-012-1451-x}
}

@BOOK{Lint,
  title = {Introduction to Coding Theory},
  publisher = {Springer-Verlag},
  year = {1992},
  author = {van Lint, J. H.},
  __markedentry = {[best:6]},
  doi = {10.1007/978-3-662-00174-5},
  owner = {best},
  timestamp = {2013.11.18},
  url = {http://dx.doi.org/10.1007/978-3-662-00174-5}
}

@ARTICLE{nozaki-suda,
  author = {Nozaki, H. and Suda, S.},
  title = {Association schemes related to weighing matrices},
  journal = {arXiv:1309.3892},
  year = {2013},
  owner = {best},
  quality = {1},
  timestamp = {2013.11.06}
}

@ARTICLE{weigh-mats-class,
  author = {Ohmori, H.},
  title = {Classification of weighing matrices of small order},
  journal = {Hiroshima Math Journal},
  year = {1992},
  volume = {22},
  pages = {129-176},
  abstract = {The classification problem of weighing matrices of orders not exceeding
	14 has been completed by Chan et al. [2] and Ohmori [17, 18]. In
	this paper, we first consider a construction problem of weighing
	matrices of order 8a - 2 and weight 4a for a > 2. A general solution
	for the intersection pattern condition, which is necessary to construct
	such weighing matrices, is given.
	
	Furthermore, the complete classification of weighing matrices for
	the case a = 2 is made.},
  file = {:Papers/class-small-weigh-real.pdf:PDF},
  owner = {best},
  timestamp = {2012.11.21}
}

@ARTICLE{paley,
  author = {Paley, R. E. A. C.},
  title = {On orthogonal matrices},
  journal = {Journal of Mathematics and Physics},
  year = {1933},
  volume = {12},
  pages = {311--320},
  owner = {best},
  quality = {1},
  timestamp = {2013.11.04}
}

@ARTICLE{SchmidtSmith,
  author = {Schmidt, B. and Smith, K. W.},
  title = {Circulant weighing matrices whose order and weight are products of
	powers of 2 and 3},
  journal = {Journal of Combinatorial Theory, Series A},
  year = {2013},
  volume = {120},
  pages = {275-287},
  number = {1},
  doi = {10.1016/j.jcta.2012.08.004},
  owner = {best},
  publisher = {Elsevier },
  timestamp = {2013.09.06},
  url = {http://dx.doi.org/10.1016/j.jcta.2012.08.004}
}

@ARTICLE{mub-orig,
  author = {Schwinger, J.},
  title = {Unitary operator bases},
  journal = {Proceedings of the national academy of sciences of the United States
	Of America},
  year = {1960},
  volume = {46},
  pages = {570},
  number = {4},
  publisher = {National Academy of Sciences}
}

@ARTICLE{hada-app,
  author = {Seberry, J. and Wysocki, B. and Wysocki, T.},
  title = {On some applications of {Hadamard} matrices},
  journal = {Metrika},
  year = {2005},
  volume = {62},
  pages = {221--239},
  number = {2-3},
  publisher = {Springer}
}

@ARTICLE{circ-prime,
  author = {Strassler, Y.},
  title = {New circulant weighing matrices of prime order in ${CW}(31,16)$,
	${CW}(71,25)$, ${CW}(127,64)$},
  journal = {Journal of Statistical Planning and Inference},
  year = {1998},
  volume = {73},
  pages = {317-330},
  number = {1-2},
  doi = {10.1016/S0378-3758(98)00067-6},
  owner = {best},
  publisher = {Elsevier },
  timestamp = {2013.09.06},
  url = {http://dx.doi.org/10.1016/S0378-3758(98)00067-6}
}

@MASTERSTHESIS{strassler-thesis,
  author = {Strassler, Y.},
  title = {On circulant Weighing matrices},
  school = {Bar-Ilan Univ., Ramat-Gan (Hebrew)},
  year = {1983},
  owner = {best},
  quality = {1},
  timestamp = {2013.09.06}
}

@ARTICLE{sylvester,
  author = {Sylvester, J. J.},
  title = {Thoughts on inverse orthogonal matrices, simultaneous sign successions,
	and tessellated pavements in two or more colours, with applications
	to {Newton}'s rule, ornamental tile-work, and the theory of numbers.},
  journal = {Philosophical Magazine},
  year = {1867},
  volume = {34},
  pages = {461--475},
  owner = {best},
  quality = {1},
  timestamp = {2013.08.27}
}

@PHDTHESIS{ferenc-thesis,
  author = {Sz\"oll\H{o}si, F.},
  title = {Construction, classification and parametrization of complex Hadamard
	matrices},
  school = {Central European University},
  year = {2011},
  file = {:Papers/ferenc-thesis.pdf:PDF},
  owner = {best},
  timestamp = {2012.11.21}
}

@ARTICLE{space-time-block,
  author = {Tarokh, V. and Jafarkhani, H. and Calderbank, A. R.},
  title = {Space-time block codes from orthogonal designs},
  journal = {Information Theory, IEEE Transactions on},
  year = {1999},
  volume = {45},
  pages = {1456--1467},
  number = {5},
  publisher = {IEEE}
}

@INPROCEEDINGS{matrix-mult,
  author = {Williams, V. V.},
  title = {Multiplying matrices faster than Coppersmith-Winograd},
  booktitle = {Proceedings of the 44th symposium on Theory of Computing},
  year = {2012},
  pages = {887--898},
  organization = {ACM}
}

@ARTICLE{wooters-mub,
  author = {Wootters, W. K. and Fields, B. D.},
  title = {Optimal state-determination by mutually unbiased measurements},
  journal = {Annals of Physics},
  year = {1989},
  volume = {191},
  pages = {363--381},
  number = {2},
  publisher = {Elsevier}
}

@PROCEEDINGS{frank,
  title = {Approaching the Physical Limits of Computing},
  year = {2005},
  series = {International Symposium of Multiple-Valued Logic (ISMVL)},
  owner = {best},
  quality = {1},
  timestamp = {2013.01.18}
}

